@report{
    DAO2000-98,
    title = {Mine Safety and Health Standards},
    author = {{Department of Environment and Natural resources}},
    type = {DENR Administrative Order},
    year = {2000},
    location = {Philippines}
}

@article{
    ERMineTracer,
    author = {Abegail O. Araojo and Jhonnel E. Arro and Jenicel Lauro and Angelus Vincent P. Guilalas and Jenny C. Cano and Edgar D. Gillo},
    journal = {International Journal of Current Science Research and Review},
    title = {{Design and Development of ER MineTracer: A Mobile Emergency Response Application for Mining Industry}},
    volume = {06},
    year = {2023},
    doi = {10.47191/ijcsrr/V6-i2033},
}

@inbook{
    Likert,
	author = {Rensis Likert},
	chapter = {4},
	pages = {21-32},
	publisher = {{R.S. WOODWORTH}},
	title = {A TECHNIQUE FOR THE MEASUREMENT OF ATTITUDES},
	year = {1932}
} 

@inbook{
    MixedMethod,
	author = {Paul D. Leedy and Jeanne Ellis Ormrod},
	chapter = {9},
	note = {ISBN 978-0-13-477565-4},
	pages = {298-299},
	publisher = {Pearson Education},
	title = {{Practical Research: Planning and Design}},
	year = {2019}
}

@online{
    postgis,
    author = {{PostGIS Project Steering Committee}},
    title = {{PostGIS, spatial and geographic objects for PostgreSQL}},
    year = {2022},
    url  = {https://postgis.net/},
    urldate = {2023-03-30},
}

@online{
    postgres,
    author = {{The PostgreSQL Global Development Group}},
    title = {{PostgreSQL 15.2 Documentation}},
    year = {2023},
    url  = {https://www.postgresql.org/docs/current/index.html},
    urldate = {2023-03-30},
}

@manual{
    R,
    title = {R: A Language and Environment for Statistical Computing},
    author = {{R Core Team}},
    organization = {R Foundation for Statistical Computing},
    address = {Vienna, Austria},
    year = {2023},
    url = {https://www.R-project.org/},
}

@inbook{
    RDA,
	author = {Leslie D. Rosenstein},
	chapter = {6},
	note = {ISBN 978-1-119-56361-7},
	pages = {139-143},
	publisher = {{John Wiley \& Sons, Ltd.}},
	title = {Research design and analysis : a primer for the non-statistician},
	year = {2019}
 }
 

 
